@ARTICLE{ARTICLE:1,
    AUTHOR="John Doe",
    TITLE="Title",
    JOURNAL="Journal",
    YEAR="2017",
}

@BOOK{BOOK:1,
    AUTHOR="John Doe",
    TITLE="The Book without Title",
    PUBLISHER="Dummy Publisher",
    YEAR="2100",
}

@INBOOK{BOOK:2,
    AUTHOR="John Doe",
    TITLE="The Book without Title",
    PUBLISHER="Dummy Publisher",
    YEAR="2100",
    PAGES="100-200",
}

@MISC{WEBSITE:1,
	HOWPUBLISHED = "\url{http://example.com}",
	AUTHOR = "Intel",
	TITLE = "Example Website",
	MONTH = "12",
	YEAR = "1988",
	URLDATE = {2012-11-26}
}

@MANUAL{dallas:ds18b20,
    organization  = "Dallas Semiconductor",
    title         = "DS18B20 Programmable Resolution 1-Wire Digital Thermometer",
    number        = "050400",
    year          =  2015,
    note          = "Rev. 3"
}

@book{teton2003,
	title={Gu{\'\i}a t{\'e}cnica de la acuariofilia},
	author={Teton, J.},
	isbn={9788489840249},
	series={Gu{\'\i}as t{\'e}cnicas},
	url={https://books.google.com.ar/books?id=6vrjovWkQicC},
	year={2003},
	publisher={Tursen S.A. - H. Blume}
}

@book{IEEE:citation,
	author={IEEE},
	title={IEEE Citation Reference},
	edition={1},
	url={http://www.ieee.org/documents/ieeecitationref.pdf},
	urldate={2016-9-26},
	publisher={IEEE Publications},
	year={2016}
}

@misc{CIAA,
	author = {{Proyecto CIAA}},
	title = {Computadora Industrial Abierta Argentina},
	url = {http://proyecto-ciaa.com.ar/devwiki/doku.php?id=start},
	note = {Visitado el 2016-06-25},
	year = {2014}
}

@MISC{lpcopen,
   author =	{{NXP Semiconductors}},
   title =	{LPCOPEN v2.16 Drivers, Middleware and Examples},
   url =	{http://www.nxp.com/products/microcontrollers-and-processors/arm-processors/lpc-cortex-m-mcus/software-tools/lpcopen-libraries-and-examples:LPC-OPEN-LIBRARIES},
   note =	{Disponible: 2016-06-25},
 }
 
@MISC{contrib,
	author =	{{Savannah}},
	title =	{lwIP - A Lightweight TCP/IP stack},
	url =	{http://git.savannah.gnu.org/cgit/lwip/lwip-contrib.git},
	note =	{Disponible: 2016-06-25},
 }

@MISC{webserver,
	author =	{{Savannah}},
	title =	{lwIP - Wiki - Sample Web Server},
	url =	{ http://lwip.wikia.com/wiki/Sample_Web_Server},
	note =	{Disponible: 2016-06-25}
 } 
 


@MISC{sensor_pH,
   author =	{dfRobot},
   title =	{PH meter(SKU: SEN0161)},
   url =	{http://www.dfrobot.com/wiki/index.php?title=PH_meter(SKU:_SEN0161)},
   note =	{Disponible: 2016-06-25},
}

@misc{IEC-61375-1999,
	series =	{International Standard},
	number=		61375,
	publisher =	{International Electrical Committee},
}

@misc{IEC-61375-1,
	title =  Electric railway equipment – Train bus – Part 1: Train communication network,
	series =	{International Standard},
	publisher =	{International Electrical Committee},
}

@misc{CSN EN 61375-2-1,
	title =  Electronic railway equipment - Train communication network (TCN) - Part 2-1: Wire Train Bus (WTB),
	series =	{International Standard},
	publisher =	{International Electrical Committee},
	url = {https://www.en-standard.eu/csn-en-61375-2-1-electronic-railway-equipment-train-communication-network-tcn-part-2-1-wire-train-bus-wtb/}
}

@misc{IEC 61375-3-1:2012,
	title =  Electronic railway equipment - Train communication network (TCN) - Part 3-1 : Multifunction Vehicle Bus (MVB) - Matériel électronique ferroviaire,
	series =	{International Standard},
	publisher =	{International Electrical Committee},
	url={https://www.en-standard.eu/iec-61375-3-1-2012-electronic-railway-equipment-train-communication-network-tcn-part-3-1-multifunction-vehicle-bus-mvb/}
}

@misc{proyecto-ciaa,
	title =  Computadora Industrial Argentina Abierta,
	url = {http://www.proyecto-ciaa.com.ar/}
}

@misc{Hitachi,
	title =  Digital Transformation of On-board Passenger Information Using Smart LCD Display Unit,
	url = {https://www.hitachi.com/}
}

@misc{Toshiba,
	title =  Passenger Information Display,
	url = {https://www.global.toshiba/ww/products-solutions/railway/rolling-stock/passenger-information-display.html}
}

@misc{Trapeze,
	title =  Passenger Information Displays – for Every Stage of the Journey,
	url = {https://www.trapezegroup.com.au/blog/passenger-information-displays-stop-app-website/}
}


@article{song2011design,
  title={Design of LED Display Control System Based on AT89C52 Single Chip Microcomputer.},
  author={Song, Yongxian and Feng, Yuan and Ma, Juanli and Zhang, Xianjin},
  journal={J. Comput.},
  volume={6},
  number={4},
  pages={718--724},
  year={2011}
}


@article{liu2011design,
  title={The design and implementation of a low-cost 360-degree color LED display system},
  author={Liu, Shih-Mim and Chen, Ching-Feng and Chou, Kuang-Chung},
  journal={IEEE transactions on consumer electronics},
  volume={57},
  number={2},
  pages={289--296},
  year={2011},
  publisher={IEEE}
}

@misc{kurdthongmee2004design,
  title={Design and Implementation of an FPGA-based Multiple-color LED Display},
  author={Kurdthongmee, W},
  year={2004},
  publisher={Elesevier. BV}
}

@article{lin2021active,
  title={Active-matrix micro-LED display driven by metal oxide TFTs using digital PWM method},
  author={Lin, Yi-Zhen and Liu, Chun and Zhang, Jin-Hui and Yuan, Yi-Kai and Cai, Wei and Zhou, Lei and Xu, Miao and Wang, Lei and Wu, Wei-Jing and Peng, Jun-Biao},
  journal={IEEE Transactions on Electron Devices},
  volume={68},
  number={11},
  pages={5656--5661},
  year={2021},
  publisher={IEEE}
}

@inproceedings{gago2009control,
  title={Control architecture of a virtual matrix LED display without current drivers},
  author={Gago, Alfonso and Fern{\'a}ndez, Jos{\'e} and Boh{\'o}rquez, Alfonso G},
  booktitle={2009 International Symposium on Intelligent Signal Processing and Communication Systems (ISPACS)},
  pages={53--56},
  year={2009},
  organization={IEEE}
}

@inproceedings{feng2016survey,
  title={Survey of development and application of train communication network},
  author={Feng, Jianghua and Lu, Xiangyang and Yang, Weifeng and Tang, Jun},
  booktitle={Proceedings of the 2015 International Conference on Electrical and Information Technologies for Rail Transportation},
  pages={843--854},
  year={2016},
  organization={Springer}
}

@inproceedings{schifers2000iec,
  title={IEC 61375-1 and UIC 556-international standards for train communication},
  author={Schifers, C and Hans, Gernot},
  booktitle={VTC2000-Spring. 2000 IEEE 51st Vehicular Technology Conference Proceedings (Cat. No. 00CH37026)},
  volume={2},
  pages={1581--1585},
  year={2000},
  organization={IEEE}
}

@book{sommerville2020engineering,
  title={Engineering software products},
  author={Sommerville, Ian},
  year={2020},
  publisher={Pearson London}
}

@article{lavender1995active,
  title={Active object--an object behavioral pattern for concurrent programming},
  author={Lavender, R Greg and Schmidt, Douglas C},
  year={1995},
  publisher={Citeseer}
}

@book{samek2008practical,
  title={Practical UML statecharts in C/C++: event-driven programming for embedded systems},
  author={Samek, Miro},
  year={2008},
  publisher={CRC Press}
}


@misc{rfc2616,
	series =	{Request for Comments},
	number=		2616,
	howpublished=	{RFC 2616},
	publisher =	{RFC Editor},
	doi =		{10.17487/rfc2616},
	url =		{https://rfc-editor.org/rfc/rfc2616.txt},
	author=		{Jeffrey Mogul and Larry M Masinter and Roy T. Fielding and Jim Gettys and Paul J. Leach and Tim Berners-Lee},
	title=		{{Hypertext Transfer Protocol -- HTTP/1.1}},
	pagetotal =	176,
	year =		2013,
	month =		3,
	day =		2,
	abstract =	{HTTP has been in use by the World-Wide Web global information initiative since 1990. This specification defines the protocol referred to as &quot;HTTP/1.1&quot;, and is an update to RFC 2068. [STANDARDS-TRACK]},
}

@misc{rfc3875,
	series =	{Request for Comments},
	number=		3875,
	howpublished=	{RFC 3875},
	publisher =	{RFC Editor},
	doi =		{10.17487/rfc3875},
	url =		{https://rfc-editor.org/rfc/rfc3875.txt},
	author=		{David Robinson},
	title=		{{The Common Gateway Interface (CGI) Version 1.1}},
	pagetotal =	36,
	year =		2013,
	month =		mar,
	day =		20,
	abstract =	{The Common Gateway Interface (CGI) is a simple interface for running external programs, software or gateways under an information server in a platform-independent manner. Currently, the supported information servers are HTTP servers.},
}

@misc{rfc7540,
	series =	{Request for Comments},
	number=		7540,
	howpublished=	{RFC 7540},
	publisher =	{RFC Editor},
	doi =		{10.17487/rfc7540},
	url =		{https://rfc-editor.org/rfc/rfc7540.txt},
	author=		{Mike Belshe and Roberto Peon and Martin Thomson},
	title=		{{Hypertext Transfer Protocol Version 2 (HTTP/2)}},
	pagetotal =	96,
	year =		2015,
	month =		nov,
	day =		18,
	abstract =	{This specification describes an optimized expression of the semantics of the Hypertext Transfer Protocol (HTTP), referred to as HTTP version 2 (HTTP/2). HTTP/2 enables a more efficient use of network resources and a reduced perception of latency by introducing header field compression and allowing multiple concurrent exchanges on the same connection. It also introduces unsolicited push of representations from servers to clients.},
}

@INPROCEEDINGS{IEC61375 and UIC556,
  author={Schifers, C. and Hans, G.},
  booktitle={VTC2000-Spring. 2000 IEEE 51st Vehicular Technology Conference Proceedings (Cat. No.00CH37026)}, 
  title={IEC 61375-1 and UIC 556-international standards for train communication}, 
  year={2000},
  volume={2},
  number={},
  pages={1581-1585 vol.2},
  doi={10.1109/VETECS.2000.851393}
}
